%% This BibTeX bibliography file was created using BibDesk.
%% https://bibdesk.sourceforge.io/

%% Created for Freddie Nunn at 2022-05-08 23:26:51 +0100 


%% Saved with string encoding Unicode (UTF-8) 



@article{rutherford_1911,
	author = {Rutherford, E.},
	doi = {10.1080/14786440508637080},
	journal = {The London, Edinburgh, and Dublin Philosophical Magazine and Journal of Science},
	number = {125},
	pages = {669--688},
	title = {LXXIX. the scattering of α and β particles by matter and the structure of the atom},
	volume = {21},
	year = {1911},
	bdsk-url-1 = {https://doi.org/10.1080/14786440508637080}}

@article{geiger_marsden_1913,
	author = {Geiger, H. and Marsden, E.},
	doi = {10.1080/14786440408634197},
	journal = {The London, Edinburgh, and Dublin Philosophical Magazine and Journal of Science},
	number = {148},
	pages = {604--623},
	title = {Lxi. the laws of deflexion of a particles through large angles},
	volume = {25},
	year = {1913},
	bdsk-url-1 = {https://doi.org/10.1080/14786440408634197}}

@misc{ben-zion_2015,
	author = {Ben-Zion, Daniel},
	journal = {Rutherford Scattering (Discussion 3)},
	title = {Rutherford scattering (discussion 3) - university of California, San Diego},
	url = {https://courses.physics.ucsd.edu/2016/Spring/physics4e/rutherford.pdf},
	year = {2015},
	bdsk-url-1 = {https://courses.physics.ucsd.edu/2016/Spring/physics4e/rutherford.pdf}}
